@article{estebanez2014performance,
  title={Performance of the most common non-cryptographic hash functions},
  author={Est{\'e}banez, C{\'e}sar and Saez, Yago and Recio, Gustavo and Isasi, Pedro},
  journal={Software: Practice and Experience},
  volume={44},
  number={6},
  pages={681--698},
  year={2014},
  publisher={Wiley Online Library}
}

@article{saez2019evolutionary,
  title={Evolutionary hash functions for specific domains},
  author={Saez, Yago and Estebanez, Cesar and Quintana, David and Isasi, Pedro},
  journal={Applied Soft Computing},
  volume={78},
  pages={58--69},
  year={2019},
  publisher={Elsevier}
}

@article{estebanez2014automatic,
  title={Automatic design of noncryptographic hash functions using genetic programming},
  author={Estebanez, Cesar and Saez, Yago and Recio, Gustavo and Isasi, Pedro},
  journal={Computational Intelligence},
  volume={30},
  number={4},
  pages={798--831},
  year={2014},
  publisher={Wiley Online Library}
}

@inproceedings{berarducci2004gevosh,
  title={GEVOSH: Using grammatical evolution to generate hashing functions},
  author={Berarducci, Patrick and Jordan, Demetrius and Martin, David and Seitzer, Jennifer},
  booktitle={Proceedings of the Fifteenth Midwest Artificial Intelligence and Cognitive Sciences Conference, MAICS},
  pages={16--18},
  year={2004},
  organization={Citeseer}
}

@inproceedings{grochol2016evolutionary,
  title={Evolutionary design of fast high-quality hash functions for network applications},
  author={Grochol, David and Sekanina, Lukas},
  booktitle={Proceedings of the Genetic and Evolutionary Computation Conference 2016},
  pages={901--908},
  year={2016}
}

@article{dobai2017evolutionary,
  title={Evolutionary design of hash function pairs for network filters},
  author={Dobai, Roland and Korenek, Jan and Sekanina, Lukas},
  journal={Applied Soft Computing},
  volume={56},
  pages={173--181},
  year={2017},
  publisher={Elsevier}
}

@inproceedings{calder1997value,
  title={Value profiling},
  author={Calder, Brad and Feller, Peter and Eustace, Alan},
  booktitle={Proceedings of 30th Annual International Symposium on Microarchitecture},
  pages={259--269},
  year={1997},
  organization={IEEE}
}
