@book{1hosford2010solid,
  title={Solid mechanics},
  author={Hosford, William F},
  year={2010},
  publisher={Cambridge University Press}
}

@article{2newman1998merging,
  title={The merging of fatigue and fracture mechanics concepts: a historical perspective},
  author={Newman Jr, JC},
  journal={Progress in Aerospace Sciences},
  volume={34},
  number={5-6},
  pages={347--390},
  year={1998},
  publisher={Elsevier}
}

@article{3sun2020review,
  title={Review of bridge structural health monitoring aided by big data and artificial intelligence: From condition assessment to damage detection},
  author={Sun, Limin and Shang, Zhiqiang and Xia, Ye and Bhowmick, Sutanu and Nagarajaiah, Satish},
  journal={Journal of Structural Engineering},
  volume={146},
  number={5},
  pages={04020073},
  year={2020},
  publisher={American Society of Civil Engineers}
}

@article{4chen2023surface,
  title={Surface Crack Detection of Steel Structures in Railroad Industry Based on Multi-Model Training Comparison Technique},
  author={Chen, Kunhao and Huang, Zhendong and Chen, Cheng and Cheng, Yijia and Shang, Yuanbiao and Zhu, Pengcheng and Jv, Haoye and Li, Lanlan and Li, Weili and Wang, Shuyi},
  journal={Processes},
  volume={11},
  number={4},
  pages={1208},
  year={2023},
  publisher={MDPI}
}

@article{5kala2006sensitivity,
  title={Sensitivity analysis of fatigue behaviour of steel structure under in-plane bending},
  author={Kala, Z},
  journal={Nonlinear Analysis: Modelling and Control},
  volume={11},
  number={1},
  pages={33--45},
  year={2006}
}

@article{6shorten2019survey,
  title={A survey on image data augmentation for deep learning},
  author={Shorten, Connor and Khoshgoftaar, Taghi M},
  journal={Journal of big data},
  volume={6},
  number={1},
  pages={1--48},
  year={2019},
  publisher={Springer}
}

@article{7di2023u,
  title={U-Net-based CNN architecture for road crack segmentation},
  author={Di Benedetto, Alessandro and Fiani, Margherita and Gujski, Lucas Matias},
  journal={Infrastructures},
  volume={8},
  number={5},
  pages={90},
  year={2023},
  publisher={MDPI}
}

@article{8krizhevsky2017imagenet,
  title={ImageNet classification with deep convolutional neural networks},
  author={Krizhevsky, Alex and Sutskever, Ilya and Hinton, Geoffrey E},
  journal={Communications of the ACM},
  volume={60},
  number={6},
  pages={84--90},
  year={2017},
  publisher={AcM New York, NY, USA}
}

@inproceedings{9girshick2014rich,
  title={Rich feature hierarchies for accurate object detection and semantic segmentation},
  author={Girshick, Ross and Donahue, Jeff and Darrell, Trevor and Malik, Jitendra},
  booktitle={Proceedings of the IEEE conference on computer vision and pattern recognition},
  pages={580--587},
  year={2014}
}

@inproceedings{10redmon2016you,
  title={You only look once: Unified, real-time object detection},
  author={Redmon, Joseph and Divvala, Santosh and Girshick, Ross and Farhadi, Ali},
  booktitle={Proceedings of the IEEE conference on computer vision and pattern recognition},
  pages={779--788},
  year={2016}
}

@inproceedings{11ronneberger2015u,
  title={U-net: Convolutional networks for biomedical image segmentation},
  author={Ronneberger, Olaf and Fischer, Philipp and Brox, Thomas},
  booktitle={Medical image computing and computer-assisted intervention--MICCAI 2015: 18th international conference, Munich, Germany, October 5-9, 2015, proceedings, part III 18},
  pages={234--241},
  year={2015},
  organization={Springer}
}

@article{12li2021deep,
  title={A deep learning-based fine crack segmentation network on full-scale steel bridge images with complicated backgrounds},
  author={Li, Zhihang and Zhu, Huamei and Huang, Mengqi},
  journal={IEEE Access},
  volume={9},
  pages={114989--114997},
  year={2021},
  publisher={IEEE}
}

@article{13bhowmick2020vision,
  title={Vision and deep learning-based algorithms to detect and quantify cracks on concrete surfaces from UAV videos},
  author={Bhowmick, Sutanu and Nagarajaiah, Satish and Veeraraghavan, Ashok},
  journal={Sensors},
  volume={20},
  number={21},
  pages={6299},
  year={2020},
  publisher={MDPI}
}

@article{14konig2022s,
  title={What's cracking? A review and analysis of deep learning methods for structural crack segmentation, detection and quantification},
  author={K{\"o}nig, Jacob and Jenkins, Mark and Mannion, Mike and Barrie, Peter and Morison, Gordon},
  journal={arXiv preprint arXiv:2202.03714},
  year={2022}
}

@article{15wang2021semi,
  title={Semi-supervised semantic segmentation network for surface crack detection},
  author={Wang, Wenjun and Su, Chao},
  journal={Automation in Construction},
  volume={128},
  pages={103786},
  year={2021},
  publisher={Elsevier}
}

@article{16panella2022semantic,
  title={Semantic segmentation of cracks: Data challenges and architecture},
  author={Panella, Fabio and Lipani, Aldo and Boehm, Jan},
  journal={Automation in Construction},
  volume={135},
  pages={104110},
  year={2022},
  publisher={Elsevier}
}

@article{17yuan2021crack,
  title={Crack length measurement using convolutional neural networks and image processing},
  author={Yuan, Yingtao and Ge, Zhendong and Su, Xin and Guo, Xiang and Suo, Tao and Liu, Yan and Yu, Qifeng},
  journal={Sensors},
  volume={21},
  number={17},
  pages={5894},
  year={2021},
  publisher={MDPI}
}

@article{18shamsabadi2024efficient,
  title={Efficient semi-supervised surface crack segmentation with small datasets based on consistency regularisation and pseudo-labelling},
  author={Shamsabadi, Elyas Asadi and Erfani, Seyed Mohammad Hassan and Xu, Chang and Dias-da-Costa, Daniel},
  journal={Automation in Construction},
  volume={158},
  pages={105181},
  year={2024},
  publisher={Elsevier}
}

@article{19fan2020ensemble,
  title={Ensemble of deep convolutional neural networks for automatic pavement crack detection and measurement},
  author={Fan, Zhun and Li, Chong and Chen, Ying and Di Mascio, Paola and Chen, Xiaopeng and Zhu, Guijie and Loprencipe, Giuseppe},
  journal={Coatings},
  volume={10},
  number={2},
  pages={152},
  year={2020},
  publisher={MDPI}
}