% ARROBAS
% article: Para artigos de revistas.
% book: Para livros.
% conference: Para conferências.
% inbook: Para uma parte de um livro, como um capítulo ou páginas específicas.
% incollection: Para uma parte de um livro que faz parte de uma coleção.
% manual: Para documentação técnica.
% mastersthesis: Para dissertações de mestrado.
% misc: Para qualquer outro tipo de documento não coberto pelos tipos acima.
% phdthesis: Para teses de doutorado.
% techreport: Para relatórios técnicos.
% unpublished: Para documentos não publicados.

% CHAVES
% abstract
% address
% annot Pare
% author
% booktitle
% doi
% edition
% editor
% howpublished
% isbn
% issn
% journal
% keywords
% language
% month
% note
% njanber
% pages
% publisher
% school
% series
% shorttitle
% title
% type
% url
% urlaccessdate
% volume
% year

@mastersthesis{2001Alisson,
  annote        = {Orientador: },
  author        = {Alisson Rabelo Arantes},
  school        = {Universidade Federal de Minas Gerais},
  title         = {Web View: Uma Ferramenta para Construção de Visões de Fontes de Dados da Web},
  month         = jul,
  url           = {http://hdl.handle.net/1843/BUBD-9BQK6L},
  urlaccessdate = {30/05/2024},
  year          = {2001}
}

@phdthesis{2002Altigran,
  annote        = {Orientador: },
  author        = {Altigran Soares da Silva},
  school        = {Universidade Federal de Minas Gerais},
  title         = {Estratégias Baseadas em Exemplos para Extracão de Dados Semi-Estruturados da Web},
  month         = jun,
  url           = {http://hdl.handle.net/1843/SLBS-5KKKXX},
  urlaccessdate = {30/05/2024},
  year          = {2002}
}

@mastersthesis{2007Renato,
  annote        = {Orientador: Newton José Vieira},
  author        = {Renato Vimieiro},
  month         = fev,
  school        = {Universidade Federal de Minas Gerais},
  title         = {Um estudo de algoritmos para a extração de regras baseados em Análise Formal de Conceitos},
  url           = {},
  urlaccessdate = {},
  year          = {2007}
}

@mastersthesis{2008Marcelo,
  annote        = {Orientador: Alberto Henrique Frade Laender; Coorientador: Paulo B. Góes},
  author        = {Marcelo Dias Correa},
  month         = mar,
  school        = {Universidade Federal de Minas Gerais},
  title         = {Web2DB - Uma Ferramenta para Construção de Representações Relacionais de Sítios da Web},
  url           = {},
  urlaccessdate = {},
  year          = {2008}
}

@mastersthesis{2008Marcos,
  annote        = {Orientador: Luiz Henrique Duczmal},
  author        = {PEDRO HENRIQUE MELO ALBUQUERQUE},
  month         = xxx,
  school        = {Universidade Federal de Minas Gerais},
  title         = {CONGLOMERADOS ESPACIAIS: UMA NOVA PROPOSTA},
  url           = {},
  urlaccessdate = {},
  year          = {2008}
}

@mastersthesis{2009Letícia,
  annote        = {Orientador: Renato Martins Assuncão; Coorientador: Ilka Afonso Reis},
  author        = {Letícia Cavalari Pinheiro},
  month         = dec,
  school        = {Universidade Federal de Minas Gerais},
  title         = {Alguns Aspectos de Modelos Espaço-Temporais},
  url           = {},
  urlaccessdate = {},
  year          = {2009}
}

@phdthesis{2009Moises,
  annote        = {Orientador: Alberto Henrique Frade Laender},
  author        = {MOISÉS GOMES DE CARVALHO},
  month         = oct,
  school        = {Universidade Federal de Minas Gerais},
  title         = {EVOLUTIONARY APPROACHES TO DATA INTEGRATION RELATED PROBLEMS},
  url           = {},
  urlaccessdate = {},
  year          = {2009}
}

@mastersthesis{2011Fabio,
  annote        = {Orientador: Renato Martins Assunção},
  author        = {Fábio Rocha da Silva},
  month         = fev,
  school        = {Universidade Federal de Minas Gerais},
  title         = {Desenvolvimento de uma Medida de Associação Entre Espaço e Tempo},
  url           = {},
  urlaccessdate = {},
  year          = {2011}
}

@mastersthesis{2015Leonardo,
  annote        = {Orientador: Renato Martins Assunção; Coorientador: Rosangela Helena Loschi},
  author        = {LEONARDO VILELA TEIXEIRA},
  month         = jun,
  school        = {Universidade Federal de Minas Gerais},
  title         = {SPATIAL PRODUCT PARTITION MODEL THROUGH SPANNING TREES},
  url           = {},
  urlaccessdate = {},
  year          = {2015}
}

@phdthesis{2015Leticia,
  annote        = {Orientador: Renato Martins Assunção},
  author        = {Letícia Cavalari Pinheiro},
  month         = jun,
  school        = {Universidade Federal de Minas Gerais},
  title         = {LORC: Classiﬁcação supervisionada baseada em grafos esparsos, robusta para dados com ruído no rótulo},
  url           = {},
  urlaccessdate = {},
  year          = {2015}
}

@mastersthesis{2015Rodrigo,
  annote        = {Orientador: Renato Martins Assunção; Coorientador: Pedro Olmo Stancioli Vaz de Melo},
  author        = {RODRIGO AUGUSTO DA SILVA ALVES},
  month         = may,
  school        = {Universidade Federal de Minas Gerais},
  title         = {MODELO DE MISTURA DE PROCESSOS PONTUAIS ESTOCÁSTICOS PARA TEMPOS ENTRE EVENTOS DE SERVIÇOS NA WEB},
  url           = {},
  urlaccessdate = {},
  year          = {2015}
}

@phdthesis{2017Luís,
  annote        = {Orientador: Renato Martins Assunção},
  author        = {Luís Gustavo Silva e Silva},
  month         = xxx,
  school        = {Universidade Federal de Minas Gerais},
  title         = {cowords: A PROBABILISTIC MODEL FOR TEXTVISUALIZATION},
  url           = {},
  urlaccessdate = {},
  year          = {2017}
}

@phdthesis{2017Ramon,
  annote        = {Orientador: Renato Martins Assunção; Coorientador: Rodrygo Luis Teodoro Santos},
  author        = {RAMON PEREIRA LOPES},
  month         = may,
  school        = {Universidade Federal de Minas Gerais},
  title         = {Filtragem Colaborativa Aprimorada: Explorando Similaridades},
  url           = {},
  urlaccessdate = {},
  year          = {2017}
}

@mastersthesis{2019Joao,
  annote        = {Orientador: Berthier Ribeiro-Neto de Araújo},
  author        = {JOÃO MATEUS DE FREITAS VENEROSO},
  month         = aug,
  school        = {Universidade Federal de Minas Gerais},
  title         = {Reconhecimento de Entidades Nomeadas na Web},
  url           = {},
  urlaccessdate = {},
  year          = {2019}
}

@misc{2019Milton,
  annote        = {Orientador: Flávio Vinícius Diniz de Figueiredo},
  author        = {Milton Pereira de Souza},
  month         = mar,
  school        = {Universidade Federal de Minas Gerais},
  title         = {Mecanismos para Viabilizar Transparência Ativa e Abertura de Dados Adequados à Governança de Informações Digitais da ANAC},
  url           = {},
  urlaccessdate = {},
  year          = {2019}
}

@mastersthesis{2020Rafael,
  annote        = {Orientador: Renato Antônio Celso Ferreira; Coorientador: George Luiz Medeiros Teodoro},
  author        = {Rafael Martins de Souza},
  month         = apr,
  school        = {Universidade Federal de Minas Gerais},
  title         = {Otimizando Tempo de Resposta em Buscas por Similaridade em Larga Escala},
  url           = {},
  urlaccessdate = {},
  year          = {2020}
}

@mastersthesis{2021Daniel_a,
  annote        = {Orientador: Renato Martins Assunção; Coorientador: Fabrício Murai Ferreira},
  author        = {Daniel Prado Mendes de Mello},
  month         = may,
  school        = {Universidade Federal de Minas Gerais},
  title         = {Redes Generativas Antagônicas para Clusterização Hierárquica},
  url           = {},
  urlaccessdate = {},
  year          = {2021}
}

@mastersthesis{2021Daniel_b,
  annote        = {Orientador: Fabrício Benevenuto de Souza},
  author        = {Daniel Pimentel Kansaon},
  month         = fev,
  school        = {Universidade Federal de Minas Gerais},
  title         = {Mineração de Opiniões Comparativas em Português},
  url           = {},
  urlaccessdate = {},
  year          = {2021}
}

@mastersthesis{2022Cinthia,
  annote        = {Orientador: },
  author        = {Cinthia Mikaela de Souza},
  month         = dec,
  school        = {Universidade Federal de Minas Gerais},
  title         = {Proposta de uma abordagem para sumarizaçãao extrativa de textos científicos longos},
  url           = {},
  urlaccessdate = {},
  year          = {2022}
}

@phdthesis{2022Reinaldo,
  annote        = {Orientador: Marcos André Gonçalves; Coorientador: Anisio Mendes Lacerda},
  author        = {Reinaldo Silva Fortes},
  month         = may,
  school        = {Universidade Federal de Minas Gerais},
  title         = {Enhancing the Multi-Objective Recommendation from three new perspectives: data characterization, risk-sensitiveness, and prioritization of the objectives},
  url           = {},
  urlaccessdate = {},
  year          = {2022}
}

