@article{satcher2005if,
  title={What if we were equal? A comparison of the black-white mortality gap in 1960 and 2000},
  author={Satcher, David and Fryer Jr, George E and McCann, Jessica and Troutman, Adewale and Woolf, Steven H and Rust, George},
  journal={Health affairs},
  volume={24},
  number={2},
  pages={459--464},
  year={2005},
  publisher={Project HOPE-The People-to-People Health Foundation, Inc.}
}

@inproceedings{le2017data,
  title={Data-driven ghosting using deep imitation learning},
  author={Le, Hoang M and Carr, Peter and Yue, Yisong and Lucey, Patrick},
  year={2017},
  organization={MIT Sloan Sports Analytics Conference. Available online at www~â€¦}
}

@article{tacticai,
  title={TacticAI: an AI assistant for football tactics},
  author={Wang, Zhe and Veli{\v{c}}kovi{\'c}, Petar and Hennes, Daniel and Toma{\v{s}}ev, Nenad and Prince, Laurel and Kaisers, Michael and Bachrach, Yoram and Elie, Romuald and Wenliang, Li Kevin and Piccinini, Federico and others},
  journal={Nature Communications},
  volume={15},
  number={1},
  pages={1--13},
  year={2024},
  publisher={Nature Publishing Group}
}

@article{alphafold,
  title={Highly accurate protein structure prediction with AlphaFold},
  author={Jumper, John and Evans, Richard and Pritzel, Alexander and Green, Tim and Figurnov, Michael and Ronneberger, Olaf and Tunyasuvunakool, Kathryn and Bates, Russ and {\v{Z}}{\'\i}dek, Augustin and Potapenko, Anna and others},
  journal={Nature},
  volume={596},
  number={7873},
  pages={583--589},
  year={2021},
  publisher={Nature Publishing Group}
}

@article{chatgpt,
  title={Language models are few-shot learners},
  author={Brown, Tom and Mann, Benjamin and Ryder, Nick and Subbiah, Melanie and Kaplan, Jared D and Dhariwal, Prafulla and Neelakantan, Arvind and Shyam, Pranav and Sastry, Girish and Askell, Amanda and others},
  journal={Advances in neural information processing systems},
  volume={33},
  pages={1877--1901},
  year={2020}
}

@inproceedings{dalle,
  title={Zero-shot text-to-image generation},
  author={Ramesh, Aditya and Pavlov, Mikhail and Goh, Gabriel and Gray, Scott and Voss, Chelsea and Radford, Alec and Chen, Mark and Sutskever, Ilya},
  booktitle={International conference on machine learning},
  pages={8821--8831},
  year={2021},
  organization={Pmlr}
}

@article{wavenet,
  title={Wavenet: A generative model for raw audio},
  author={Van Den Oord, Aaron and Dieleman, Sander and Zen, Heiga and Simonyan, Karen and Vinyals, Oriol and Graves, Alex and Kalchbrenner, Nal and Senior, Andrew and Kavukcuoglu, Koray and others},
  journal={arXiv preprint arXiv:1609.03499},
  volume={12},
  year={2016}
}

@inproceedings{graphcounteratack,
  title={A graph neural network deep-dive into successful counterattacks},
  author={Sahasrabudhe, Amod and Bekkers, Joris},
  year={2023},
  organization={MIT Sloan Sports Analytics Conference}
}

@inproceedings{power2017not,
  title={Not all passes are created equal: Objectively measuring the risk and reward of passes in soccer from tracking data},
  author={Power, Paul and Ruiz, Hector and Wei, Xinyu and Lucey, Patrick},
  booktitle={Proceedings of the 23rd ACM SIGKDD international conference on knowledge discovery and data mining},
  pages={1605--1613},
  year={2017}
}

@inproceedings{stockl2021making,
  title={Making offensive play predictable-using a graph convolutional network to understand defensive performance in soccer},
  author={St{\"o}ckl, Michael and Seidl, Thomas and Marley, Daniel and Power, Paul},
  booktitle={Proceedings of the 15th MIT sloan sports analytics conference},
  volume={2022},
  year={2021}
}

@phdthesis{verpalen2019predicting,
  title={Predicting player movements in soccer using Deep Learning},
  author={Verpalen, Joris},
  year={2019},
  school={PhD thesis, Tilburg University}
}

@inproceedings{nikhil2018convolutional,
  title={Convolutional neural network for trajectory prediction},
  author={Nikhil, Nishant and Tran Morris, Brendan},
  booktitle={Proceedings of the European Conference on Computer Vision (ECCV) Workshops},
  pages={0--0},
  year={2018}
}

@article{whatiffootbal,
  title={Where to go: Computational and visual what-if analyses in soccer},
  author={Stein, Manuel and Seebacher, Daniel and Marcelino, Rui and Schreck, Tobias and Grossniklaus, Michael and Keim, Daniel A and Janetzko, Halldor},
  journal={Journal of sports sciences},
  volume={37},
  number={24},
  pages={2774--2782},
  year={2019},
  publisher={Taylor \& Francis}
}

@book{moneyball,
  title={Moneyball: The art of winning an unfair game},
  author={Lewis, Michael},
  year={2004},
  publisher={WW Norton \& Company}
}

@inproceedings{pressing,
  title={Measuring the effectiveness of pressing in soccer},
  author={Merckx, Simon and Robberechts, Pieter and Euvrard, Yannick and Davis, Jesse},
  booktitle={Workshop on Machine Learning and Data Mining for Sports Analytics},
  year={2021}
}

@article{reviewbasketball,
  title={A Review of Basketball Shooting Analysis Based on Artificial Intelligence},
  author={Yan, Wenlin and Jiang, Xianxin and Liu, Ping},
  journal={IEEE Access},
  year={2023},
  publisher={IEEE}
}