@inproceedings{codex-bugfix,
  author    = {Prenner, Julian Aron and Babii, Hlib and Robbes, Romain},
  url       = {https://ieeexplore.ieee.org/document/9809175/keywords#keywords},
  booktitle = {2022 IEEE/ACM International Workshop on Automated Program Repair (APR)},
  title     = {Can OpenAI's Codex Fix Bugs?: An evaluation on QuixBugs},
  year      = {2022},
  volume    = {},
  number    = {},
  pages     = {69-75},
  doi       = {10.1145/3524459.3527351}
}


@misc{openai-chatgpt,
  author       = {OpenAI},
  title        = {Introducing ChatGPT},
  howpublished = {\url{https://openai.com/blog/chatgpt}},
  year         = {2023},
  note         = {[Online, accessed: 2023-05-27]}
}

@misc{google-bard,
  author       = {Google},
  howpublished = {\url{https://bard.google.com}},
  title        = {Meet Bard},
  year         = {2023},
  note         = {[Online, accessed: 2023-05-27]}
}

@misc{openai-codex,
  author       = {OpenAI},
  howpublished = {\url{https://openai.com/blog/openai-codex}},
  title        = {Open AI Codex},
  year         = {2023},
  note         = {[Online, accessed: 2023-05-27]}
}

@misc{github-copilot,
  author       = {Github},
  howpublished = {\url{https://github.com/features/copilot}},
  title        = {Your AI pair programmer},
  year         = {2023},
  note         = {[Online, accessed: 2023-05-27]}
}

@misc{code-whisperer,
  author       = {Amazon},
  howpublished = {\url{https://aws.amazon.com/pt/codewhisperer}},
  title        = {Gerador de c√≥digo de AI},
  year         = {2023},
  note         = {[Online, accessed: 2023-05-27]}
}

@article{ai-and-humanities,
  issn      = {00104817},
  url       = {http://www.jstor.org/stable/30204398},
  author    = {Elaine Rich},
  journal   = {Computers and the Humanities},
  number    = {2},
  pages     = {117--122},
  publisher = {Springer},
  title     = {Artificial Intelligence and the Humanities},
  urldate   = {2023-05-28},
  volume    = {19},
  year      = {1985}
}

@article{software-engineering,
  author  = {Boehm},
  url     = {https://ieeexplore.ieee.org/document/1674590},
  journal = {IEEE Transactions on Computers},
  title   = {Software Engineering},
  year    = {1976},
  volume  = {C-25},
  number  = {12},
  pages   = {1226-1241},
  doi     = {10.1109/TC.1976.1674590}
}

@inproceedings{copilot-pair-programming,
  author    = {Imai, Saki},
  url       = {https://ieeexplore.ieee.org/document/9793778},
  booktitle = {2022 IEEE/ACM 44th International Conference on Software Engineering: Companion Proceedings (ICSE-Companion)},
  title     = {Is GitHub Copilot a Substitute for Human Pair-programming? An Empirical Study},
  year      = {2022},
  volume    = {},
  number    = {},
  pages     = {319-321},
  doi       = {10.1145/3510454.3522684}
}

@inproceedings{ai-impact-in-testing,
  author    = {Hourani, Hussam and Hammad, Ahmad and Lafi, Mohammad},
  url       = {https://ieeexplore.ieee.org/abstract/document/8717439},
  booktitle = {2019 IEEE Jordan International Joint Conference on Electrical Engineering and Information Technology (JEEIT)},
  title     = {The Impact of Artificial Intelligence on Software Testing},
  year      = {2019},
  volume    = {},
  number    = {},
  pages     = {565-570},
  doi       = {10.1109/JEEIT.2019.8717439}
}

@inproceedings{copilot-quality-evaluation,
  author    = {Nguyen, Nhan and Nadi, Sarah},
  url       = {https://ieeexplore.ieee.org/document/9796235},
  booktitle = {2022 IEEE/ACM 19th International Conference on Mining Software Repositories (MSR)},
  title     = {An Empirical Evaluation of GitHub Copilot's Code Suggestions},
  year      = {2022},
  volume    = {},
  number    = {},
  pages     = {1-5},
  doi       = {10.1145/3524842.3528470}
}
